@article{garcianoglobal,
  title={Global Navigation Satellite Systems (GNSS) technologies for Off-Highway Agricultural Vehicles: The Benefits of using State-of-Art Mobile Hydraulics Technology},
  author={Garciano, Leroy O and Anderson, Ricky and Reese, Jan Henrik}
}

@Article{Patrik2019,
author="Patrik, Aurello
and Utama, Gaudi
and Gunawan, Alexander Agung Santoso
and Chowanda, Andry
and Suroso, Jarot S.
and Shofiyanti, Rizatus
and Budiharto, Widodo",
title="GNSS-based navigation systems of autonomous drone for delivering items",
journal="Journal of Big Data",
year="2019",
month="Jun",
day="14",
volume="6",
number="1",
pages="53",
abstract="",
issn="2196-1115",
doi="10.1186/s40537-019-0214-3",
url="https://doi.org/10.1186/s40537-019-0214-3"
}
@article{feng2008gps,
  title={GPS RTK performance characteristics and analysis},
  author={Feng, Yanming and Wang, Jinling},
  journal={Journal of Global Positioning Systems},
  volume={7},
  number={1},
  pages={1--8},
  year={2008}
}

@article{monteiro2005accuracy,
  title={What is the accuracy of DGPS?},
  author={Monteiro, Luis Sardinha and Moore, Terry and Hill, Chris},
  journal={The Journal of Navigation},
  volume={58},
  number={2},
  pages={207--225},
  year={2005},
  publisher={Cambridge University Press}
}
@article{gao2004performance,
  title={Performance analysis of precise point positioning using rea-time orbit and clock products},
  author={Gao, Yang and Chen, Kongzhe},
  journal={Positioning},
  volume={1},
  number={08},
  pages={0},
  year={2004},
  publisher={Scientific Research Publishing}
}

@article{blewitt1997basics,
  title={Basics of the GPS technique: observation equations},
  author={Blewitt, Geoffrey},
  journal={Geodetic applications of GPS},
  pages={10--54},
  year={1997},
  publisher={Nordic Geodetic Commission Sweden}
}

@article{tatarnikov2014approaching,
  title={Approaching millimeter accuracy of GNSS positioning in real time with large impedance ground plane antennas},
  author={Tatarnikov, Dmitry and Astakhov, Andrey},
  journal={Proc. ION ITM},
  pages={844--848},
  year={2014},
  publisher={Institute of Navigation}
}

@book{Jeffrey,
	author       = {C. Jeffrey},
	title        = {An Introduction to GNSSGPS, GLONASS, Galileo and other Global Navigation Satellite Systems},
	publisher    = {NovAtel Inc},
	date         = {2010},
	keywords     = {trusted},
}

@book{soop1994handbook,
  title={Handbook of geostationary orbits},
  author={Soop, Erik Mattias},
  volume={3},
  year={1994},
  publisher={Springer Science \& Business Media}
}

@INPROCEEDINGS{6748618,
author={ {Nie Jianhui} and {Qi Jianzhong} and {Song Peng}},
booktitle={International Conference on Cyberspace Technology (CCT 2013)},
title={Research of GNSS real-time pseudorange differential positioning technology},
year={2013},
volume={},
number={},
pages={370-375},
keywords={pseudorange difference;RTCM SC-104;positioning accuracy},
doi={10.1049/cp.2013.2156},
ISSN={},
month={Nov},
}

@inproceedings{Karaim2018Chapter4G,
  title={Chapter 4 GNSS Error Sources},
  author={Malek Karaim and Mohamed Elsheikh and Aboelmagd Noureldin},
  year={2018}, 
}

@article{satPos,
author = {Tusat, Ekrem and Ozyuksel, Fethi},
year = {2018},
month = {02},
pages = {12-19},
title = {COMPARISON OF GPS SATELLITE COORDINATES COMPUTED FROM BROADCAST AND IGS FINAL EPHEMERIDES},
journal = {International Journal of Engineering and Geosciences},
doi = {10.26833/ijeg.337806},
}

@book{farrell1999global,
  title={The global positioning system and inertial navigation},
  author={Farrell, Jay and Barth, Matthew},
  volume={61},
  year={1999},
  publisher={Mcgraw-hill New York, NY, USA:}
}

@ARTICLE{IonoNoise,
author={J. A. {Klobuchar}},
journal={IEEE Transactions on Aerospace and Electronic Systems},
title={Ionospheric Time-Delay Algorithm for Single-Frequency GPS Users},
year={1987},
volume={AES-23},
number={3},
pages={325-331},
keywords={Global Positioning System;Satellite broadcasting;Delay effects;Frequency;Ionosphere;Error correction;Algorithm design and analysis;Geophysics computing;Military computing;Earth},
doi={10.1109/TAES.1987.310829},
ISSN={2371-9877},
month={May},
}

@article{williams2017tropospheric,
  title={Tropospheric delays in ground-based GNSS multipath reflectometryâ€”Experimental evidence from coastal sites},
  author={Williams, SDP and Nievinski, FG},
  journal={Journal of Geophysical Research: Solid Earth},
  volume={122},
  number={3},
  pages={2310--2327},
  year={2017},
  publisher={Wiley Online Library}
}

@misc{dunn2012global,
  title={Global Positioning System Directorate Systems Engineering \& Integration Interface Specification IS-GPS-200},
  author={Dunn, Michael J and DISL, DAF},
  year={2012},
  publisher={March}
}

@article{posAccuracy,
author={C. J. Hegarty and E. Chatre},
journal={Proceedings of the IEEE},
title={Evolution of the Global Navigation SatelliteSystem (GNSS)},
year={2008},
volume={96},
number={12},
pages={1902-1917},
doi={10.1109/JPROC.2008.2006090},
ISSN={},
month={Dec},
}

@INPROCEEDINGS{BLUE,
author={D. {Yang} and F. {Zhao} and K. {Liu} and H. B. {Lim} and E. {Frazzoli} and D. {Rus}},
booktitle={2012 IEEE 75th Vehicular Technology Conference (VTC Spring)},
title={A GPS Pseudorange Based Cooperative Vehicular Distance Measurement Technique},
year={2012},
volume={},
number={},
pages={1-5},
keywords={collision avoidance;distance measurement;Global Positioning System;least mean squares methods;radionavigation;road safety;cooperative vehicular distance measurement technique;vehicular localization;cooperative vehicle safety applications;GPS pseudorange measurement;weighted least squares method;double difference pseudorange;dedicated short range communications;pseudorange information;Global Positioning System;Satellites;Receivers;Satellite broadcasting;Vehicles;Accuracy;Noise},
doi={10.1109/VETECS.2012.6240332},
ISSN={},
month={May},
}

@inproceedings{tahsin2015analysis,
  title={Analysis of DOP and its preciseness in GNSS position estimation},
  author={Tahsin, Mahdia and Sultana, Sunjida and Reza, Tasmia and Hossam-E-Haider, Md},
  booktitle={2015 International Conference on Electrical Engineering and Information Communication Technology (ICEEICT)},
  pages={1--6},
  year={2015},
  organization={IEEE}
}

@article{langley1999dilution,
  title={Dilution of precision},
  author={Langley, Richard B and others},
  journal={GPS world},
  volume={10},
  number={5},
  pages={52--59},
  year={1999}
}

@Article{Brunner1999,
author="Brunner, F. K.
and Hartinger, H.
and Troyer, L.",
title="GPS signal diffraction modelling: the stochastic SIGMA-$\delta$ model",
journal="Journal of Geodesy",
year="1999",
month="Jun",
day="01",
volume="73",
number="5",
pages="259--267",
abstract="The SIGMA-$\Delta$ model has been developed for stochastic modelling of global positioning system (GPS) signal diffraction errors in high precision GPS surveys. The basic information used in the SIGMA-$\Delta$ model is the measured carrier-to-noise power-density ratio (C/N0). Using the C/N0 data and a template technique, the proper variances are derived for all phase observations. Thus the quality of the measured phase is automatically assessed and if phase observations are suspected to be contaminated by diffraction effects they are weighted down in the least-squares adjustment. The ability of the SIGMA-$\Delta$ model to reduce signal diffraction effects is demonstrated on two static GPS surveys as well as on a kinematic high-precision GPS railway survey. In cases of severe signal diffraction the accuracy of the GPS positions is improved by more than 50{\%} compared to standard GPS processing techniques.",
issn="1432-1394",
doi="10.1007/s001900050242",
url="https://doi.org/10.1007/s001900050242"
}

@inproceedings{tay2013weighting,
  title={Weighting models for GPS Pseudorange observations for land transportation in urban canyons},
  author={Tay, Sarab and Marais, Juliette},
  year={2013}
}

@ARTICLE{posAccuracyEnvironment,
author={K. {Liu} and H. B. {Lim} and E. {Frazzoli} and H. {Ji} and V. C. S. {Lee}},
journal={IEEE Transactions on Vehicular Technology},
title={Improving Positioning Accuracy Using GPS Pseudorange Measurements for Cooperative Vehicular Localization},
year={2014},
volume={63},
number={6},
pages={2544-2556},
keywords={cooperative communication;distance measurement;Global Positioning System;intelligent transportation systems;interference suppression;least mean squares methods;vehicular ad hoc networks;positioning accuracy improvement;GPS pseudorange measurement;cooperative vehicular localization;intelligent transportation system;cutting edge communication technology;ranging technique;weighted least squares double difference;weighted least squares method;carrier-to-noise ratio;CNR;noise mitigation;WLS-DD;intervehicle distance detection;distributed location estimate algorithm;DLEA;vehicle positioning accuracy;positioning correction;data fitting model;Global Positioning System;Satellites;Satellite broadcasting;Vehicles;Receivers;Noise;Accuracy;Global positioning system (GPS);ranging technique;cooperative localization;vehicular networks;Cooperative localization;global positioning system (GPS);ranging technique;vehicular networks},
doi={10.1109/TVT.2013.2296071},
ISSN={},
month={July},
}

@INPROCEEDINGS{GDOPbelow6,
author={H. {Azami} and M. {Azarbad} and S. {Sanei}},
booktitle={2013 3rd Joint Conference of AI Robotics and 5th RoboCup Iran Open International Symposium},
title={New applied methods for optimum GPS satellite selection},
year={2013},
volume={},
number={},
pages={1-6},
keywords={backpropagation;Global Positioning System;neural nets;telecommunication computing;optimum GPS satellite selection;geometric dilution-of-precision;Global Positioning System;inverse matrix;navigator processor;time-consuming task;basic back propagation neural network;BPNN;GPS GDOP classification;resilient back propagation;RBP;naive Bayes classifier;Fisher linear discriminant;k-nearest neighbor;KNN;Global Positioning System;Satellites;Artificial neural networks;Neurons;Accuracy;Classification algorithms;Training;GPS GDOP;resilient back propagation;naive Bayes classifier;Fisher's linear discriminant;k-nearest neighbor},
doi={10.1109/RIOS.2013.6595308},
ISSN={null},
month={April},
}

@book{moser1996linear,
  title={Linear models: A mean model approach},
  author={Moser, William R},
  year={1996},
  publisher={Elsevier}
}